<?xml version="1.0" encoding="UTF-8"?><collection xmlns="http://www.loc.gov/MARC21/slim"><record><leader>00433nam--2200169-i-4500</leader><controlfield tag="001">000029259</controlfield><controlfield tag="002">20161230</controlfield><controlfield tag="005">20161230201037</controlfield><controlfield tag="008">060222s1000------------r-----000-0-eng-d</controlfield><datafield ind1=" " ind2=" " tag="040"><subfield code="a">IFIN-HH</subfield></datafield><datafield ind1=" " ind2=" " tag="080"><subfield code="a">621.373.8</subfield></datafield><datafield ind1="1" ind2=" " tag="100"><subfield code="a">Lewin, L</subfield></datafield><datafield ind1="1" ind2="0" tag="245"><subfield code="a">Advanced theory of waveguides</subfield><subfield code="c">L. lewin</subfield></datafield><datafield ind1=" " ind2=" " tag="260"><subfield code="a">London</subfield><subfield code="b">Ilife &amp; Sons, Ltd</subfield><subfield code="c">1951</subfield></datafield><datafield ind1=" " ind2=" " tag="300"><subfield code="a">192P</subfield></datafield><datafield ind1=" " ind2=" " tag="852"><subfield code="a">10144</subfield><subfield code="c">621.37.029.6:621.372.8</subfield></datafield><datafield ind1=" " ind2=" " tag="CAT"><subfield code="a">Sys</subfield><subfield code="c">20121126</subfield><subfield code="h">161907</subfield></datafield></record></collection>